
%Entries
@article{tibshirani2012strong,
  title={Strong rules for discarding predictors in lasso-type problems},
  author={Tibshirani, Robert and Bien, Jacob and Friedman, Jerome and Hastie, Trevor and Simon, Noah and Taylor, Jonathan and Tibshirani, Ryan J},
  journal={Journal of the Royal Statistical Society: Series B (Statistical Methodology)},
  volume={74},
  number={2},
  pages={245--266},
  year={2012},
  publisher={Wiley Online Library}
}

@article{ghaoui2010safe,
  title={Safe feature elimination for the lasso and sparse supervised learning problems},
  author={Ghaoui, Laurent El and Viallon, Vivian and Rabbani, Tarek},
  journal={arXiv preprint arXiv:1009.4219},
  year={2010}
}

@article{friedman2010regularization,
  title={Regularization paths for generalized linear models via coordinate descent},
  author={Friedman, Jerome and Hastie, Trevor and Tibshirani, Rob},
  journal={Journal of statistical software},
  volume={33},
  number={1},
  pages={1},
  year={2010},
  publisher={NIH Public Access}
}

@article{reunanen2003overfitting,
  title={Overfitting in making comparisons between variable selection methods},
  author={Reunanen, Juha},
  journal={Journal of Machine Learning Research},
  volume={3},
  number={Mar},
  pages={1371--1382},
  year={2003}
}

@article{wang2019ranking,
  title={Ranking-based autoencoder for extreme multi-label classification},
  author={Wang, Bingyu and Chen, Li and Sun, Wei and Qin, Kechen and Li, Kefeng and Zhou, Hui},
  journal={arXiv preprint arXiv:1904.05937},
  year={2019}
}

@inproceedings{mcauley2013hidden,
  title={Hidden factors and hidden topics: understanding rating dimensions with review text},
  author={McAuley, Julian and Leskovec, Jure},
  booktitle={Proceedings of the 7th ACM conference on Recommender systems},
  pages={165--172},
  year={2013}
}

@inproceedings{qu2015quartz,
  title={Quartz: Randomized dual coordinate ascent with arbitrary sampling},
  author={Qu, Zheng and Richt{\'a}rik, Peter and Zhang, Tong},
  booktitle={Advances in neural information processing systems},
  pages={865--873},
  year={2015}
}

@inproceedings{yen2016pd,
  title={Pd-sparse: A primal and dual sparse approach to extreme multiclass and multilabel classification},
  author={Yen, Ian En-Hsu and Huang, Xiangru and Ravikumar, Pradeep and Zhong, Kai and Dhillon, Inderjit},
  booktitle={International Conference on Machine Learning},
  pages={3069--3077},
  year={2016}
}